<record><leader>00000cas a2200000 a 4500</leader><controlfield tag="001">29464761</controlfield><controlfield tag="008">931210d1970197uutu x ne      0   a0eng c</controlfield><datafield ind1=" " ind2=" " tag="010"><subfield code="a">sn 93024217 </subfield></datafield><datafield ind1=" " ind2=" " tag="040"><subfield code="a">EYM</subfield><subfield code="b">eng</subfield><subfield code="c">EYM</subfield><subfield code="d">CNW</subfield><subfield code="d">CVF</subfield><subfield code="d">OCLCQ</subfield><subfield code="d">OCLCO</subfield></datafield><datafield ind1=" " ind2=" " tag="012"><subfield code="i">9312</subfield></datafield><datafield ind1="1" ind2=" " tag="029"><subfield code="a">AU@</subfield><subfield code="b">000010737204</subfield></datafield><datafield ind1=" " ind2=" " tag="042"><subfield code="a">pcc</subfield></datafield><datafield ind1=" " ind2=" " tag="043"><subfield code="a">n-us-ut</subfield><subfield code="a">n-us---</subfield></datafield><datafield ind1=" " ind2=" " tag="090"><subfield code="a">E184.M85</subfield><subfield code="b">S7</subfield></datafield><datafield ind1="0" ind2="4" tag="245"><subfield code="a">The Street paper.</subfield></datafield><datafield ind1="1" ind2=" " tag="246"><subfield code="i">Issues for June 7, 1971 published as:</subfield><subfield code="a">Street paper (Nauvoo expositor)</subfield></datafield><datafield ind1=" " ind2=" " tag="260"><subfield code="a">Salt Lake City, Utah :</subfield><subfield code="b">[s.n.]</subfield></datafield><datafield ind1=" " ind2=" " tag="300"><subfield code="a">v. :</subfield><subfield code="b">ill.</subfield></datafield><datafield ind1=" " ind2=" " tag="310"><subfield code="a">Irregular</subfield></datafield><datafield ind1="0" ind2=" " tag="362"><subfield code="a">Vol. 1, no. 1 (Nov. 20/Dec. 3, 1970)-</subfield></datafield><datafield ind1=" " ind2=" " tag="500"><subfield code="a">Issue for June 7, 1971 called also "Anniversary issue" (of the date of publication of the "Nauvoo expositor," June 7, 1844)--and "Nauvoo expositor ed."</subfield></datafield><datafield ind1="0" ind2="0" tag="630"><subfield code="a">Nauvoo expositor.</subfield></datafield><datafield ind1=" " ind2="0" tag="650"><subfield code="a">Mormons</subfield><subfield code="z">United States</subfield><subfield code="v">Newspapers.</subfield></datafield><datafield ind1=" " ind2="0" tag="650"><subfield code="a">Underground press publications</subfield><subfield code="z">Utah</subfield><subfield code="z">Salt Lake City.</subfield></datafield><datafield ind1=" " ind2="0" tag="650"><subfield code="a">Youth</subfield><subfield code="z">Utah</subfield><subfield code="z">Salt Lake City</subfield><subfield code="v">Newspapers.</subfield></datafield><datafield ind1=" " ind2="0" tag="651"><subfield code="a">Salt Lake City (Utah)</subfield><subfield code="v">Newspapers.</subfield></datafield><datafield ind1="2" ind2=" " tag="710"><subfield code="a">Youth International Party.</subfield></datafield><datafield ind1="0" ind2=" " tag="730"><subfield code="a">Nauvoo expositor.</subfield></datafield><datafield ind1=" " ind2=" " tag="752"><subfield code="a">United States</subfield><subfield code="b">Utah</subfield><subfield code="c">Salt Lake</subfield><subfield code="d">Salt Lake City.</subfield></datafield><datafield ind1=" " ind2=" " tag="850"><subfield code="a">MiU</subfield></datafield></record>